@article{Heath_Bizer_2011, 
title={Linked Data: Evolving the Web into a Global Data Space}, 
volume={1}, 
url={http://www.morganclaypool.com/doi/abs/10.2200/S00334ED1V01Y201102WBE001}, 
number={1}, 
journal={Synthesis Lectures on the Semantic Web Theory and Technology}, 
publisher={Morgan & Claypool}, 
author={Heath, Tom and Bizer, Christian}, 
editor={Van Harmelen, Frank and Hendler, JamesEditors},
year={2011},
pages={1--136}}

@inproceedings{pan2013query,
  title={Query generation for semantic datasets},
  author={Pan, Jeff Z and Ren, Yuan and Wu, Honghan and Zhu, Man},
  booktitle={Proceedings of the seventh international conference on Knowledge capture},
  pages={113--116},
  year={2013},
  organization={ACM}
}